@Book{szelskiCV,
  author = {Richard Szeliski},
  title = {Computer Vision: Algorithms and Applications},
  publisher = {Springer},
  year = {2010},
  url = {http://szeliski.org/Book/}
}

@Book{kovac15ms,
  author = {Dino Kovač},
  title = {Gusta stereoskopska rekonstrukcija scene predstavljene ravninskim odsječcima},
  publisher = {FER},
  year = {2015},
  url = {http://www.zemris.fer.hr/~ssegvic/project/pubs/kovac15ms.pdf}
}